@misc{ouroboros-classic,
    author = {Aggelos Kiayias and Alexander Russell and Bernardo David and Roman Oliynykov},
    title = {Ouroboros: A Provably Secure Proof-of-Stake Blockchain Protocol},
    howpublished = {Cryptology ePrint Archive, Report 2016/889},
    year = {2016},
    note = {\url{http://eprint.iacr.org/2016/889}},
}

@misc{ouroboros-genesis,
    author = {Christian Badertscher and Peter Ga\v{z}i and Aggelos Kiayias and Alexander Russell and Vassilis Zikas},
    title  = {Composable Proof-of-Stake Blockchains with Dynamic Availability},
    year   = {2018}
}

@misc{RFC7049,
  author = {C. Bormann and P. Hoffman},
  title = {Concise Binary Object Representation (CBOR)},
  howpublished = {Internet Requests for Comments},
  year = {2013}
}

@misc{cddl,
  author = {H. Birkholz, C. Vigano and C. Bormann},
  title = {Concise data definition language (CDDL): a notational
           convention to express CBOR data structures},
  year = {2018},
  note = {\url{https://tools.ietf.org/id/draft-ietf-cbor-cddl-00.txt}}
}