\begin{thebibliography}{}
@book{report,
      author = {Edsko {De Vries}, Thomas Winant, Duncan Coutts},
      title = {The Cardano Consensus and Storage Layer}
}
\end{thebibliography}
